<?xml version="1.0" encoding="UTF-8"?><collection xmlns="http://www.loc.gov/MARC21/slim"><record><leader>00370nam--2200133-i-4500</leader><controlfield tag="001">000026447</controlfield><controlfield tag="002">20161230</controlfield><controlfield tag="005">20161230201036</controlfield><controlfield tag="008">060222s1000------------r-----000-0-eng-d</controlfield><datafield ind1=" " ind2=" " tag="100"><subfield code="a">Kaufman, H.And Roberts, G.E</subfield></datafield><datafield ind1=" " ind2=" " tag="245"><subfield code="a">Table of laplace transforms</subfield></datafield><datafield ind1=" " ind2=" " tag="260"><subfield code="a">Philadelphia, W.B.Saunders Co., 1966, Xxx + 367p</subfield></datafield><datafield ind1=" " ind2=" " tag="852"><subfield code="a">24851</subfield><subfield code="c">517.63</subfield></datafield><datafield ind1=" " ind2=" " tag="CAT"><subfield code="a">Sys</subfield><subfield code="c">20080916</subfield><subfield code="h">094817</subfield></datafield></record></collection>